% Introduction
@article{hirano2017,
author = {Hirano, Shingo and Bromm, Volker},
title = {Formation and survival of Population III stellar systems},
journal = {\mnras},
volume = {470},
number = {1},
pages = {898-914},
year = {2017},
doi = {10.1093/mnras/stx1220},
URL = { + http://dx.doi.org/10.1093/mnras/stx1220},
eprint = {/oup/backfile/content_public/journal/mnras/470/1/10.1093_mnras_stx1220/1/stx1220.pdf}
}

@ARTICLE{cr2016,
   author = {{Hummel}, J.~A. and {Stacy}, A. and {Bromm}, V.},
    title = "{The first stars: formation under cosmic ray feedback}",
  journal = {\mnras},
archivePrefix = "arXiv",
   eprint = {1602.06948},
 keywords = {stars: formation, stars: Population III, cosmology: theory, dark ages, reionization, first stars, early Universe},
     year = 2016,
    month = aug,
   volume = 460,
    pages = {2432-2444},
      doi = {10.1093/mnras/stw1127},
   adsurl = {http://adsabs.harvard.edu/abs/2016MNRAS.460.2432H},
  adsnote = {Provided by the SAO/NASA Astrophysics Data System}
}

@ARTICLE{turk2011,
   author = {{Turk}, M.~J. and {Clark}, P. and {Glover}, S.~C.~O. and {Greif}, T.~H. and 
	{Abel}, T. and {Klessen}, R. and {Bromm}, V.},
    title = "{Effects of Varying the Three-body Molecular Hydrogen Formation Rate in Primordial Star Formation}",
  journal = {\apj},
archivePrefix = "arXiv",
   eprint = {1011.1908},
 keywords = {cosmology: theory, galaxies: formation, H II regions, stars: formation},
     year = 2011,
    month = jan,
   volume = 726,
      eid = {55},
    pages = {55},
      doi = {10.1088/0004-637X/726/1/55},
   adsurl = {http://adsabs.harvard.edu/abs/2011ApJ...726...55T},
  adsnote = {Provided by the SAO/NASA Astrophysics Data System}
}

@ARTICLE{palla1983,
   author = {{Palla}, F. and {Salpeter}, E.~E. and {Stahler}, S.~W.},
    title = "{Primordial star formation - The role of molecular hydrogen}",
  journal = {\apj},
 keywords = {Hydrogen Clouds, Interstellar Chemistry, Molecular Clouds, Protostars, Star Formation, Jeans Theory, Stellar Temperature},
     year = 1983,
    month = aug,
   volume = 271,
    pages = {632-641},
      doi = {10.1086/161231},
   adsurl = {http://adsabs.harvard.edu/abs/1983ApJ...271..632P},
  adsnote = {Provided by the SAO/NASA Astrophysics Data System}
}

@ARTICLE{greif2014,
   author = {{Greif}, T.~H.},
    title = "{Multifrequency radiation hydrodynamics simulations of H$_{2}$ line emission in primordial, star-forming clouds}",
  journal = {\mnras},
archivePrefix = "arXiv",
   eprint = {1404.5311},
 keywords = {hydrodynamics, radiative transfer, stars: Population III, galaxies: high-redshift, cosmology: theory, early Universe},
     year = 2014,
    month = oct,
   volume = 444,
    pages = {1566-1583},
      doi = {10.1093/mnras/stu1532},
   adsurl = {http://adsabs.harvard.edu/abs/2014MNRAS.444.1566G},
  adsnote = {Provided by the SAO/NASA Astrophysics Data System}
}
@ARTICLE{hosokawa2016,
   author = {{Hosokawa}, T. and {Hirano}, S. and {Kuiper}, R. and {Yorke}, H.~W. and 
	{Omukai}, K. and {Yoshida}, N.},
    title = "{Formation of Massive Primordial Stars: Intermittent UV Feedback with Episodic Mass Accretion}",
  journal = {\apj},
archivePrefix = "arXiv",
   eprint = {1510.01407},
 keywords = {accretion, accretion disks, cosmology: theory, early universe, galaxies: formation, stars: formation},
     year = 2016,
    month = jun,
   volume = 824,
      eid = {119},
    pages = {119},
      doi = {10.3847/0004-637X/824/2/119},
   adsurl = {http://adsabs.harvard.edu/abs/2016ApJ...824..119H},
  adsnote = {Provided by the SAO/NASA Astrophysics Data System}
}
@ARTICLE{stacy2016,
   author = {{Stacy}, A. and {Bromm}, V. and {Lee}, A.~T.},
    title = "{Building up the Population III initial mass function from cosmological initial conditions}",
  journal = {\mnras},
archivePrefix = "arXiv",
   eprint = {1603.09475},
 keywords = {stars: formation, stars: Population III, galaxies: formation, cosmology: theory, early Universe},
     year = 2016,
    month = oct,
   volume = 462,
    pages = {1307-1328},
      doi = {10.1093/mnras/stw1728},
   adsurl = {http://adsabs.harvard.edu/abs/2016MNRAS.462.1307S},
  adsnote = {Provided by the SAO/NASA Astrophysics Data System}
}

@ARTICLE{hirano2018,
   author = {{Hirano}, S. and {Sullivan}, J.~M. and {Bromm}, V.},
    title = "{First star formation in ultralight particle dark matter cosmology}",
  journal = {\mnras},
archivePrefix = "arXiv",
   eprint = {1706.00435},
 keywords = {methods: numerical, stars: formation, stars: Population III, dark ages, reionization, first stars, dark matter, cosmology: theory},
     year = 2018,
    month = jan,
   volume = 473,
    pages = {L6-L10},
      doi = {10.1093/mnrasl/slx146},
   adsurl = {http://adsabs.harvard.edu/abs/2018MNRAS.473L...6H},
  adsnote = {Provided by the SAO/NASA Astrophysics Data System}
}

@ARTICLE{yamada1998,
   author = {{Yamada}, M. and {Nishi}, R.},
    title = "{Fragmentation of a Shock-Compressed Sheet of Primordial Gas}",
  journal = {\apj},
 keywords = {GALAXIES: FORMATION, INSTABILITIES, SHOCK WAVES, Galaxies: Formation, Instabilities, Shock Waves},
     year = 1998,
    month = sep,
   volume = 505,
    pages = {148-158},
      doi = {10.1086/306131},
   adsurl = {http://adsabs.harvard.edu/abs/1998ApJ...505..148Y},
  adsnote = {Provided by the SAO/NASA Astrophysics Data System}
}
@ARTICLE{salvaterra2004,
   author = {{Salvaterra}, R. and {Ferrara}, A. and {Schneider}, R.},
    title = "{Induced formation of primordial low-mass stars}",
  journal = {\na},
   eprint = {astro-ph/0304074},
 keywords = {Galaxies: formation, First stars, Cosmology: theory},
     year = 2004,
    month = dec,
   volume = 10,
    pages = {113-120},
      doi = {10.1016/j.newast.2004.06.003},
   adsurl = {http://adsabs.harvard.edu/abs/2004NewA...10..113S},
  adsnote = {Provided by the SAO/NASA Astrophysics Data System}
}
@ARTICLE{johnson2007,
   author = {{Johnson}, J.~L. and {Greif}, T.~H. and {Bromm}, V.},
    title = "{Local Radiative Feedback in the Formation of the First Protogalaxies}",
  journal = {\apj},
   eprint = {astro-ph/0612254},
 keywords = {Cosmology: Theory, Cosmology: Early Universe, Galaxies: Formation, ISM: H II Regions, Molecular Processes, Stars: Formation},
     year = 2007,
    month = aug,
   volume = 665,
    pages = {85-95},
      doi = {10.1086/519212},
   adsurl = {http://adsabs.harvard.edu/abs/2007ApJ...665...85J},
  adsnote = {Provided by the SAO/NASA Astrophysics Data System}
}


@ARTICLE{tornatore2007,
   author = {{Tornatore}, L. and {Ferrara}, A. and {Schneider}, R.},
    title = "{Population III stars: hidden or disappeared?}",
  journal = {\mnras},
archivePrefix = "arXiv",
   eprint = {0707.1433},
 keywords = {galaxies: formation, intergalactic medium, cosmology: observations, cosmology: theory},
     year = 2007,
    month = dec,
   volume = 382,
    pages = {945-950},
      doi = {10.1111/j.1365-2966.2007.12215.x},
   adsurl = {http://adsabs.harvard.edu/abs/2007MNRAS.382..945T},
  adsnote = {Provided by the SAO/NASA Astrophysics Data System}
}
@ARTICLE{jaacks2017,
   author = {{Jaacks}, J. and {Thompson}, R. and {Finkelstein}, S.~L. and 
	{Bromm}, V.},
    title = "{Baseline Metal Enrichment from Population III Star Formation in Cosmological Volume Simulations}",
  journal = {\mnras, submitted (arXiv:1705.08059)},
archivePrefix = "arXiv",
   eprint = {1705.08059},
 keywords = {Astrophysics - Astrophysics of Galaxies, Astrophysics - Cosmology and Nongalactic Astrophysics},
     year = 2017,
    month = may,
   adsurl = {http://adsabs.harvard.edu/abs/2017arXiv170508059J},
  adsnote = {Provided by the SAO/NASA Astrophysics Data System}
}

@ARTICLE{greif2009,
   author = {{Greif}, T.~H. and {Johnson}, J.~L. and {Klessen}, R.~S. and 
	{Bromm}, V.},
    title = "{The observational signature of the first HII regions}",
  journal = {\mnras},
archivePrefix = "arXiv",
   eprint = {0905.1717},
 keywords = {stars: formation , cosmology: observations , cosmology: theory , early Universe},
     year = 2009,
    month = oct,
   volume = 399,
    pages = {639-649},
      doi = {10.1111/j.1365-2966.2009.15336.x},
   adsurl = {http://adsabs.harvard.edu/abs/2009MNRAS.399..639G},
  adsnote = {Provided by the SAO/NASA Astrophysics Data System}
}
@ARTICLE{larson1998,
   author = {{Larson}, R.~B.},
    title = "{Early star formation and the evolution of the stellar initial mass function in galaxies}",
  journal = {\mnras},
   eprint = {astro-ph/9808145},
 keywords = {STARS: FORMATION, STARS: LUMINOSITY FUNCTION, MASS FUNCTION, GALAXIES: EVOLUTION, GALAXIES: FORMATION, GALAXIES: STELLAR CONTENT, DARK MATTER},
     year = 1998,
    month = dec,
   volume = 301,
    pages = {569-581},
      doi = {10.1046/j.1365-8711.1998.02045.x},
   adsurl = {http://adsabs.harvard.edu/abs/1998MNRAS.301..569L},
  adsnote = {Provided by the SAO/NASA Astrophysics Data System}
}
@ARTICLE{bromm2002,
   author = {{Bromm}, V. and {Coppi}, P.~S. and {Larson}, R.~B.},
    title = "{The Formation of the First Stars. I. The Primordial Star-forming Cloud}",
  journal = {\apj},
   eprint = {astro-ph/0102503},
 keywords = {Cosmology: Theory, Cosmology: Early Universe, Galaxies: Formation, Hydrodynamics, Stars: Formation},
     year = 2002,
    month = jan,
   volume = 564,
    pages = {23-51},
      doi = {10.1086/323947},
   adsurl = {http://adsabs.harvard.edu/abs/2002ApJ...564...23B},
  adsnote = {Provided by the SAO/NASA Astrophysics Data System}
}
@ARTICLE{abel2002,
   author = {{Abel}, T. and {Bryan}, G.~L. and {Norman}, M.~L.},
    title = "{The Formation of the First Star in the Universe}",
  journal = {Science},
   eprint = {astro-ph/0112088},
     year = 2002,
    month = jan,
   volume = 295,
    pages = {93-98},
      doi = {10.1126/science.295.5552.93},
   adsurl = {http://adsabs.harvard.edu/abs/2002Sci...295...93A},
  adsnote = {Provided by the SAO/NASA Astrophysics Data System}
}
@ARTICLE{mckee2007,
   author = {{McKee}, C.~F. and {Ostriker}, E.~C.},
    title = "{Theory of Star Formation}",
  journal = {\araa},
archivePrefix = "arXiv",
   eprint = {0707.3514},
     year = 2007,
    month = sep,
   volume = 45,
    pages = {565-687},
      doi = {10.1146/annurev.astro.45.051806.110602},
   adsurl = {http://adsabs.harvard.edu/abs/2007ARA%26A..45..565M},
  adsnote = {Provided by the SAO/NASA Astrophysics Data System}
}
@article{shi2013,
  title={On the X 1$\Sigma$+ rovibrational spectrum of lithium hydride},
  author={Shi, YB and Stancil, PC and Wang, JG},
  journal={\aap},
  volume={551},
  pages={A140},
  year={2013},
  publisher={EDP Sciences}
}

@article{lepp2002,
  title={Atomic and molecular processes in the early Universe},
  author={Lepp, Stephen and Stancil, PC and Dalgarno, A},
  journal={\prb},
  volume={35},
  number={10},
  pages={R57},
  year={2002},
  publisher={IOP Publishing}
}

@ARTICLE{bovino2009,
   author = {{Bovino}, S. and {Wernli}, M. and {Gianturco}, F.~A.},
    title = "{Fast LiH Destruction in Reaction with H: Quantum Calculations and Astrophysical Consequences}",
  journal = {\apj},
archivePrefix = "arXiv",
   eprint = {0911.1281},
 keywords = {astrochemistry, early universe, ISM: molecules, methods: numerical, molecular processes, scattering},
     year = 2009,
    month = jul,
   volume = 699,
    pages = {383-387},
      doi = {10.1088/0004-637X/699/1/383},
   adsurl = {http://adsabs.harvard.edu/abs/2009ApJ...699..383B},
  adsnote = {Provided by the SAO/NASA Astrophysics Data System}
}

@article{bovino2011,
  author={Stefano Bovino and Mario Tacconi and Franco A. Gianturco and Daniele Galli and Francesco Palla},
  title={On the Relative Abundance of LiH and LiH+ Molecules in the Early Universe: New Results from Quantum Reactions},
  journal={\apj},
  volume={731},
  number={2},
  pages={107},
  url={http://stacks.iop.org/0004-637X/731/i=2/a=107},
  year={2011},  
}

@ARTICLE{1984ApJ,
   author = {{Lepp}, S. and {Shull}, J.~M.},
    title = "{Molecules in the early universe}",
  journal = {\apj},
 keywords = {Cosmochemistry, Cosmology, Gravitational Collapse, Interstellar Gas, Molecular Clouds, Universe, Astronomical Models, Chemical Evolution, Hydrogen Recombinations, Red Shift, Stellar Evolution},
     year = 1984,
    month = may,
   volume = 280,
    pages = {465-469},
      doi = {10.1086/162013},
   adsurl = {http://adsabs.harvard.edu/abs/1984ApJ...280..465L},
  adsnote = {Provided by the SAO/NASA Astrophysics Data System}
}


@article{jedamzik2009,
  title={Big bang nucleosynthesis and particle dark matter},
  author={Jedamzik, Karsten and Pospelov, Maxim},
  journal={New J. Phys.},
  volume={11},
  number={10},
  pages={105028},
  year={2009},
  publisher={IOP Publishing}
}

@article{jedamzik2008,
  title={Cosmic Li 6 and Li 7 problems and BBN with long-lived charged massive particles},
  author={Jedamzik, Karsten},
  journal={\prd},
  volume={77},
  number={6},
  pages={063524},
  year={2008},
  publisher={APS}
}

@article{iocco2009,
  title={Primordial Nucleosynthesis: from precision cosmology to fundamental physics},
  author={Iocco, Fabio and Mangano, Gianpiero and Miele, Gennaro and Pisanti, Ofelia and Serpico, Pasquale D},
  journal={\physrep},
  volume={472},
  number={1},
  pages={1--76},
  year={2009},
  publisher={Elsevier}
}

@article{fields2011,
  title={The primordial lithium problem},
  author={Fields, Brian D},
  journal={Ann. Rev. of Nuclear and Part. Sci.},
  volume={61},
  pages={47--68},
  year={2011},
  publisher={Annual Reviews}
}

@ARTICLE{spite2012,
   author = {{Spite}, M. and {Spite}, F. and {Bonifacio}, P.},
    title = "{The cosmic lithium problem . an observer's perspective}",
  journal = {\memsai},
archivePrefix = "arXiv",
   eprint = {1208.1190},
 primaryClass = "astro-ph.CO",
 keywords = {Stars: abundances, Stars: atmospheres, Stars: Population II, Galaxy: abundances, Cosmology: observations},
     year = 2012,
   volume = 22,
    pages = {9},
   adsurl = {http://adsabs.harvard.edu/abs/2012MSAIS..22....9S},
  adsnote = {Provided by the SAO/NASA Astrophysics Data System}
}

@INPROCEEDINGS{asplund2008,
   author = {{Asplund}, M. and {Mel{\'e}ndez}, J.},
    title = "{Primordial and Pre-Galactic Origins of the Lithium Isotopes}",
 keywords = {Population II stars, Stellar atmospheres, radiative transfer, opacity and line formation, Abundances chemical composition, Galactic halo, Origin formation and abundances of the elements},
booktitle = {First Stars III},
     year = 2008,
   series = {American Institute of Physics Conference Series},
   volume = 990,
   editor = {{O'Shea}, B.~W. and {Heger}, A.},
    month = mar,
    pages = {342-346},
      doi = {10.1063/1.2905578},
   adsurl = {http://adsabs.harvard.edu/abs/2008AIPC..990..342A},
  adsnote = {Provided by the SAO/NASA Astrophysics Data System}
}

@article{bromm2013,
  title={Formation of the first stars},
  author={Bromm, Volker},
  journal={Rep. on Progress in Phys.},
  volume={76},
  number={11},
  pages={112901},
  year={2013},
  publisher={IOP Publishing}
}

@BOOK{palla2002,
   author = {{Stahler}, S.~W. and {Palla}, F.},
    title = "{The Formation of Stars}",
booktitle = {The Formation of Stars, by Steven W.~Stahler, Francesco Palla, pp.~865.~ISBN 3-527-40559-3.~Wiley-VCH , January 2005.},
     publisher = {Wiley-VCH},
     address   = {Weinheim, Germany},
     month = 1,
     year = 2005,
    pages = {865},
   adsurl = {http://adsabs.harvard.edu/abs/2005fost.book.....S},
  adsnote = {Provided by the SAO/NASA Astrophysics Data System},
  isbn = {978-3-527-61868-2}
}


@article{galli2013,
  title={The dawn of chemistry},
  author={Galli, Daniele and Palla, Francesco},
  journal={\araa},
  volume={51},
  pages={163--206},
  year={2013},
  publisher={Annual Reviews}
}

%H, H2, He reaction rates:
@article{bougleux1997,
  title={Lithium hydride in the early Universe and in protogalactic clouds},
  author={Bougleux, Elena and Galli, Daniele},
  journal={\mnras},
  volume={288},
  number={3},
  pages={638--648},
  year={1997},
  publisher={Blackwell Science Ltd Oxford, UK}
}

@article{glover2008,
  title={Uncertainties in H2 and HD chemistry and cooling and their role in early structure formation},
  author={Glover, SCO and Abel, T},
  journal={\mnras},
  volume={388},
  number={4},
  pages={1627--1651},
  year={2008},
  publisher={Blackwell Publishing Ltd Oxford, UK}
}

@article{black1981,
author = {Black, John H.},
title = {The physical state of primordial intergalactic clouds},
journal = {\mnras},
volume = {197},
number = {3},
pages = {553-563},
year = {1981},
doi = {10.1093/mnras/197.3.553},
URL = { + http://dx.doi.org/10.1093/mnras/197.3.553},
eprint = {/oup/backfile/content_public/journal/mnras/197/3/10.1093/mnras/197.3.553/2/mnras197-0553.pdf}
}

@ARTICLE{cen1992,
   author = {{Cen}, R.},
    title = "{A hydrodynamic approach to cosmology - Methodology}",
  journal = {\apjs},
 keywords = {Computational Astrophysics, Cosmology, Hydrodynamic Equations, Dark Matter, Helium, Hydrogen, Photoionization, Recombination Coefficient},
     year = 1992,
    month = feb,
   volume = 78,
    pages = {341-364},
      doi = {10.1086/191630},
   adsurl = {http://adsabs.harvard.edu/abs/1992ApJS...78..341C},
  adsnote = {Provided by the SAO/NASA Astrophysics Data System}
}


@article{bromm1999,
  title={Forming the first stars in the universe: the fragmentation of primordial gas},
  author={Bromm, Volker and Coppi, Paolo S and Larson, Richard B},
  journal={\apj},
  volume={527},
  number={1},
  pages={L5},
  year={1999},
  publisher={IOP Publishing}
}

@article{mackey2003,
  title={Three epochs of star formation in the high-redshift universe},
  author={Mackey, Jonathan and Bromm, Volker and Hernquist, Lars},
  journal={\apj},
  volume={586},
  number={1},
  pages={1},
  year={2003},
  publisher={IOP Publishing}
}

@article{haiman1996,
  title={Cosmological Formation of Low-Mass Objects},
  author={Haiman, Zoltan and Thoul, Anne A and Loeb, Abraham},
  journal={\apj},
  volume={464},
  pages={523},
  year={1996}
}

@article{abel1997,
  title={Modeling primordial gas in numerical cosmology},
  author={Abel, Tom and Anninos, Peter and Zhang, Yu and Norman, Michael L},
  journal={\na},
  volume={2},
  number={3},
  pages={181--207},
  year={1997},
  publisher={Elsevier}
}

@ARTICLE{1983ApJ,
   author = {{Lepp}, S. and {Shull}, J.~M.},
    title = "{The kinetic theory of H2 dissociation}",
  journal = {\apj},
 keywords = {Gas Dissociation, Hydrogen Clouds, Interstellar Matter, Kinetic Theory, Molecular Clouds, Molecular Collisions, Molecular Excitation},
     year = 1983,
    month = jul,
   volume = 270,
    pages = {578-582},
      doi = {10.1086/161149},
   adsurl = {http://adsabs.harvard.edu/abs/1983ApJ...270..578L},
  adsnote = {Provided by the SAO/NASA Astrophysics Data System}
}

@article{kang1992,
  title={Radiative shocks and hydrogen molecules in pregalactic gas-The effects of postshock radiation},
  author={Kang, Hyesung and Shapiro, Paul R},
  journal={\apj},
  volume={386},
  pages={432--451},
  year={1992}
}

@ARTICLE{1987ApJ,
   author = {{Shapiro}, P.~R. and {Kang}, H.},
    title = "{Hydrogen molecules and the radiative cooling of pregalactic shocks}",
  journal = {\apj},
 keywords = {Cooling Flows (Astrophysics), Galactic Evolution, Hydrogen Clouds, Molecular Clouds, Radiant Cooling, Shock Waves, Boundary Value Problems, Computational Astrophysics, Intergalactic Media, Nonequilibrium Conditions, Scaling Laws, Star Formation},
     year = 1987,
    month = jul,
   volume = 318,
    pages = {32-65},
      doi = {10.1086/165350},
   adsurl = {http://adsabs.harvard.edu/abs/1987ApJ...318...32S},
  adsnote = {Provided by the SAO/NASA Astrophysics Data System}
}

%HD reaction rates:
@article{nakamura2002,
  title={The stellar initial mass function in primordial galaxies},
  author={Nakamura, Fumitaka and Umemura, Masayuki},
  journal={\apj},
  volume={569},
  number={2},
  pages={549},
  year={2002},
  publisher={IOP Publishing}
}

@article{galli2002,
  title={Deuterium chemistry in the primordial gas},
  author={Galli, Daniele and Palla, Francesco},
  journal={\planss},
  volume={50},
  number={12},
  pages={1197--1204},
  year={2002},
  publisher={Elsevier}
}

@article{savin2002,
  title={Rate Coefficients for D (1s)+ H+⇆ D++ H (1s) Charge Transfer and Some Astrophysical Implications},
  author={Savin, Daniel Wolf},
  journal={\apj},
  volume={566},
  number={1},
  pages={599},
  year={2002},
  publisher={IOP Publishing}
}

%cooling functions
@article{hollenbach1979,
  title={Molecule formation and infrared emission in fast interstellar shocks. I Physical processes},
  author={Hollenbach, DAVID and McKee, CHRISTOPHER F},
  journal={\apjs},
  volume={41},
  pages={555--592},
  year={1979}
}
@article{flower2000,
  title={The cooling of astrophysical media by HD},
  author={Flower, DR and Le Bourlot, Jacques and Pineau des Forets, Guillaume and Roueff, Evelyne},
  journal={\mnras},
  volume={314},
  number={4},
  pages={753--758},
  year={2000},
  publisher={Blackwell Science Ltd Oxford, UK}
}

@article{le1999,
  title={The cooling of astrophysical media by H2},
  author={Le Bourlot, J and Pineau des Forets, G and Flower, DR},
  journal={\mnras},
  volume={305},
  number={4},
  pages={802--810},
  year={1999},
  publisher={The Royal Astronomical Society}
}

@article{machida2005,
  title={Low-mass star formation triggered by supernovae in primordial clouds},
  author={Machida, Masahiro N and Tomisaka, Kohji and Nakamura, Fumitaka and Fujimoto, Masayuki Y},
  journal={\apj},
  volume={622},
  number={1},
  pages={39},
  year={2005},
  publisher={IOP Publishing}
}

@article{coppola2011,
  title={Radiative cooling functions for primordial molecules},
  author={Coppola, Carla Maria and Lodi, Lorenzo and Tennyson, Jonathan},
  journal={\mnras},
  volume={415},
  number={1},
  pages={487--493},
  year={2011},
  publisher={Blackwell Publishing Ltd Oxford, UK}
}

@ARTICLE{galli1998,
   author = {{Galli}, D. and {Palla}, F.},
    title = "{The chemistry of the early Universe}",
  journal = {\aap},
   eprint = {astro-ph/9803315},
 keywords = {MOLECULAR PROCESSES, ATOMIC PROCESSES, EARLY UNIVERSE},
     year = 1998,
    month = jul,
   volume = 335,
    pages = {403-420},
   adsurl = {http://adsabs.harvard.edu/abs/1998A%26A...335..403G},
  adsnote = {Provided by the SAO/NASA Astrophysics Data System}
}

% Model
@article{johnson2006,
  title={The cooling of shock-compressed primordial gas},
  author={Johnson, Jarrett L and Bromm, Volker},
  journal={\mnras},
  volume={366},
  number={1},
  pages={247--256},
  year={2006},
  publisher={Blackwell Science Ltd Oxford, UK}
}

@article{prieto2008,
  title={Revisiting the effect of H2, HD and LiH molecules in the cooling of primordial gas},
  author={Prieto, Joaquin P and Infante, Leopoldo and Jimenez, Raul},
  journal={arXiv preprint arXiv:0809.2786},
  year={2008}
}

@article{yoshida2007,
  title={Early cosmological H II/He III regions and their impact on second-generation star formation},
  author={Yoshida, Naoki and Oh, S Peng and Kitayama, Tetsu and Hernquist, Lars},
  journal={\apj},
  volume={663},
  number={2},
  pages={687},
  year={2007},
  publisher={IOP Publishing}
}

@article{clarke2003,
  title={The characteristic stellar mass as a function of redshift},
  author={Clarke, Cathie J and Bromm, Volker},
  journal={\mnras},
  volume={343},
  number={4},
  pages={1224--1230},
  year={2003},
  publisher={Blackwell Science Ltd Oxford, UK}
}

@article{storey1995,
  title={Recombination line intensities for hydrogenic ions-IV. Total recombination coefficients and machine-readable tables for Z= 1 to 8},
  author={Storey, PJ and Hummer, DG},
  journal={\mnras},
  volume={272},
  number={1},
  pages={41--48},
  year={1995},
  publisher={Oxford University Press Oxford, UK}
}

% Rate of Li network
@article{dalgarno1996,
  title={The radiative association of Li+ and H, Li and H+, and Li and H},
  author={Dalgarno, A and Kirby, K and Stancil, PC},
  journal={\apj},
  volume={458},
  pages={397},
  year={1996}
}

@article{gianturco1996,
  title={Radiative association of LiH (X 1 $\Sigma$+) from electronically excited lithium atoms},
  author={Gianturco, FA and Giorgi, P Gori},
  journal={\pra},
  volume={54},
  number={5},
  pages={4073},
  year={1996},
  publisher={APS}
}

@article{stancil1996,
  title={The lithium chemistry of the early Universe},
  author={Stancil, PC and Lepp, S and Dalgarno, A},
  journal={\apj},
  volume={458},
  pages={401},
  year={1996}
}

@article{boldyrev1993,
  title={Vertical and adiabatical ionization potentials of MH- K+ 1 anions. Ab initio study of the structure and stability of hypervalent MH k+ 1 molecules},
  author={Boldyrev, Alexander I and Simons, Jack},
  journal={\jcp},
  volume={99},
  number={6},
  pages={4628--4637},
  year={1993},
  publisher={AIP}
}

@ARTICLE{2012JChPh,
   author = {{Roy}, T. and {Mahapatra}, S.},
    title = "{Quantum dynamics of H + LiH reaction and its isotopic variants}",
  journal = {\jcp},
 keywords = {ab initio calculations, atom-molecule collisions, atom-molecule reactions, chemical exchanges, excited states, hydrogen neutral atoms, isotope effects, lithium compounds, potential energy surfaces, reaction rate constants, rotational states, vibrational states, Chemical exchanges, Potential energy surfaces for excited electronic states, Potential energy surfaces for chemical reactions, Rate constants reaction cross sections and activation energies, Kinetic isotope effects including muonium, Atom and radical reactions, chain reactions, molecule-molecule reactions},
     year = 2012,
    month = may,
   volume = 136,
   number = 17,
    pages = {174313-174313},
      doi = {10.1063/1.4707144},
   adsurl = {http://adsabs.harvard.edu/abs/2012JChPh.136q4313R},
  adsnote = {Provided by the SAO/NASA Astrophysics Data System}
}

% LiH dissociation energy
@article{stwalley1993,
  title={Spectroscopy and structure of the lithium hydride diatomic molecules and ions},
  author={Stwalley, William C and Zemke, Warren T},
  journal={Journal of physical and chemical reference data},
  volume={22},
  number={1},
  pages={87--112},
  year={1993},
  publisher={NIST}
}

% rotational transition
@article{juarros2006,
  title={Laser-assisted ultracold lithium-hydride molecule formation: stimulated versus spontaneous emission},
  author={Juarros, Elizabeth and Kirby, Kate and C{\^o}t{\'e}, Robin},
  journal={J. Phys. B},
  volume={39},
  number={19},
  pages={S965},
  year={2006},
  publisher={IOP Publishing}
}

@article{bellini1995,
  title={Precise experimental test of models for the breakdown of the Born-Oppenheimer separation: The rotational spectra of isotopic variants of lithium hydride},
  author={Bellini, M and De Natale, P and Inguscio, M and Varberg, Thomas D and Brown, John M},
  journal={\pra},
  volume={52},
  number={3},
  pages={1954},
  year={1995},
  publisher={APS}
}

@ARTICLE{2005PASJ,
   author = {{Mizusawa}, H. and {Omukai}, K. and {Nishi}, R.},
    title = "{Primordial Molecular Emission in Population III Galaxies}",
  journal = {\pasj},
   eprint = {astro-ph/0509741},
 keywords = {cosmology: early universe, galaxies: high-redshift, infrared: galaxies, molecular processes, stars: formation},
     year = 2005,
    month = dec,
   volume = 57,
    pages = {951-967},
      doi = {10.1093/pasj/57.6.951},
   adsurl = {http://ads.nao.ac.jp/abs/2005PASJ...57..951M},
  adsnote = {Provided by the SAO/NASA Astrophysics Data System}
}

@ARTICLE{planck,
   author = {{Planck Collaboration} and {Ade}, P.~A.~R. and {Aghanim}, N. and 
	{Arnaud}, M. and {Ashdown}, M. and {Aumont}, J. and {Baccigalupi}, C. and 
	{Banday}, A.~J. and {Barreiro}, R.~B. and {Bartlett}, J.~G. and et al.},
    title = "{Planck 2015 results. XIII. Cosmological parameters}",
  journal = {\aap},
archivePrefix = "arXiv",
   eprint = {1502.01589},
 keywords = {cosmology: observations, cosmology: theory, cosmic background radiation, cosmological parameters},
     year = 2016,
    month = sep,
   volume = 594,
      eid = {A13},
    pages = {A13},
      doi = {10.1051/0004-6361/201525830},
   adsurl = {http://adsabs.harvard.edu/abs/2016A%26A...594A..13P},
  adsnote = {Provided by the SAO/NASA Astrophysics Data System}
}

@article{cr2007,
author = {Stacy, Athena and Bromm, Volker},
title = {Impact of cosmic rays on Population III star formation},
journal = {\mnras},
volume = {382},
number = {1},
pages = {229-238},
year = {2007},
doi = {10.1111/j.1365-2966.2007.12247.x},
URL = { + http://dx.doi.org/10.1111/j.1365-2966.2007.12247.x},
eprint = {/oup/backfile/content_public/journal/mnras/382/1/10.1111/j.1365-2966.2007.12247.x/2/mnras0382-0229.pdf}
}
