@ARTICLE{difficulties1999,
   author = {{Kolda}, C. and {Lyth}, D.~H.},
    title = "{Quintessential difficulties}",
  journal = {Physics Letters B},
   eprint = {hep-ph/9811375},
     year = 1999,
    month = jul,
   volume = 458,
    pages = {197-201},
      doi = {10.1016/S0370-2693(99)00657-7},
   adsurl = {http://adsabs.harvard.edu/abs/1999PhLB..458..197K},
  adsnote = {Provided by the SAO/NASA Astrophysics Data System}
}



@ARTICLE{Sahni2002,
   author = {{Sahni}, V.},
    title = "{The cosmological constant problem and quintessence}",
  journal = {Classical and Quantum Gravity},
   eprint = {astro-ph/0202076},
     year = 2002,
    month = jul,
   volume = 19,
    pages = {3435-3448},
      doi = {10.1088/0264-9381/19/13/304},
   adsurl = {http://adsabs.harvard.edu/abs/2002CQGra..19.3435S},
  adsnote = {Provided by the SAO/NASA Astrophysics Data System}
}


@ARTICLE{quintessential inflation1999,
   author = {{Peebles}, P.~J.~E. and {Vilenkin}, A.},
    title = "{Quintessential inflation}",
  journal = {\prd},
   eprint = {astro-ph/9810509},
 keywords = {Particle-theory and field-theory models of the early Universe},
     year = 1999,
    month = mar,
   volume = 59,
   number = 6,
      eid = {063505},
    pages = {063505},
      doi = {10.1103/PhysRevD.59.063505},
   adsurl = {http://adsabs.harvard.edu/abs/1999PhRvD..59f3505P},
  adsnote = {Provided by the SAO/NASA Astrophysics Data System}
}


@ARTICLE{Thomas2010,
   author = {{Sotiriou}, T.~P. and {Faraoni}, V.},
    title = "{f(R) theories of gravity}",
  journal = {Reviews of Modern Physics},
archivePrefix = "arXiv",
   eprint = {0805.1726},
 primaryClass = "gr-qc",
 keywords = {Modified theories of gravity},
     year = 2010,
    month = jan,
   volume = 82,
    pages = {451-497},
      doi = {10.1103/RevModPhys.82.451},
   adsurl = {http://adsabs.harvard.edu/abs/2010RvMP...82..451S},
  adsnote = {Provided by the SAO/NASA Astrophysics Data System}
}

@ARTICLE{Sheth2004,
   author = {{Sheth}, R.~K. and {van de Weygaert}, R.},
    title = "{A hierarchy of voids: much ado about nothing}",
  journal = {\mnras},
   eprint = {astro-ph/0311260},
 keywords = {galaxies: clusters: general, cosmology: theory, dark matter},
     year = 2004,
    month = may,
   volume = 350,
    pages = {517-538},
      doi = {10.1111/j.1365-2966.2004.07661.x},
   adsurl = {http://adsabs.harvard.edu/abs/2004MNRAS.350..517S},
  adsnote = {Provided by the SAO/NASA Astrophysics Data System}
}

@ARTICLE{lightcone2016,
   author = {{Rodr{\'{\i}}guez-Torres}, S.~A. and {Chuang}, C.-H. and {Prada}, F. and 
	{Guo}, H. and {Klypin}, A. and {Behroozi}, P. and {Hahn}, C.~H. and 
	{Comparat}, J. and {Yepes}, G. and {Montero-Dorta}, A.~D. and 
	{Brownstein}, J.~R. and {Maraston}, C. and {McBride}, C.~K. and 
	{Tinker}, J. and {Gottl{\"o}ber}, S. and {Favole}, G. and {Shu}, Y. and 
	{Kitaura}, F.-S. and {Bolton}, A. and {Scoccimarro}, R. and 
	{Samushia}, L. and {Schlegel}, D. and {Schneider}, D.~P. and 
	{Thomas}, D.},
    title = "{The clustering of galaxies in the SDSS-III Baryon Oscillation Spectroscopic Survey: Modelling the clustering and halo occupation distribution of BOSS CMASS galaxies in the Final Data Release}",
  journal = {MNRAS},
archivePrefix = "arXiv",
   eprint = {1509.06404},
 keywords = {Cosmology:large-scale structure of Universe, galaxies: abundances, galaxies: halos, methods: numerical},
     year = 2016,
    month = apr,
      doi = {10.1093/mnras/stw1014},
   adsurl = {http://adsabs.harvard.edu/abs/2016MNRAS.tmp..786R},
  adsnote = {Provided by the SAO/NASA Astrophysics Data System}
}

@ARTICLE{mock2016,
   author = {{Kitaura}, F.-S. and {Rodr{\'{\i}}guez-Torres}, S. and {Chuang}, C.-H. and 
	{Zhao}, C. and {Prada}, F. and {Gil-Mar{\'{\i}}n}, H. and {Guo}, H. and 
	{Yepes}, G. and {Klypin}, A. and {Sc{\'o}ccola}, C.~G. and {Tinker}, J. and 
	{McBride}, C. and {Reid}, B. and {S{\'a}nchez}, A.~G. and {Salazar-Albornoz}, S. and 
	{Grieb}, J.~N. and {Vargas-Magana}, M. and {Cuesta}, A.~J. and 
	{Neyrinck}, M. and {Beutler}, F. and {Comparat}, J. and {Percival}, W.~J. and 
	{Ross}, A.},
    title = "{The clustering of galaxies in the SDSS-III Baryon Oscillation Spectroscopic Survey: mock galaxy catalogues for the BOSS Final Data Release}",
  journal = {MNRAS},
archivePrefix = "arXiv",
   eprint = {1509.06400},
 keywords = {methods: numerical, galaxies: haloes, galaxies: statistics, large-scale structure of Universe},
     year = 2016,
    month = mar,
   volume = 456,
    pages = {4156-4173},
      doi = {10.1093/mnras/stv2826},
   adsurl = {http://adsabs.harvard.edu/abs/2016MNRAS.456.4156K},
  adsnote = {Provided by the SAO/NASA Astrophysics Data System}
}


@article{R-P2000,
  title={Kinetically driven quintessence},
  author={Chiba, Takeshi and Okabe, Takahiro and Yamaguchi, Masahide},
  journal={Physical Review D},
  volume={62},
  number={2},
  pages={023511},
  year={2000},
  publisher={APS}
}

@article{R-P2001,
  title={Testing quintessence models with large-scale structure growth},
  author={Benabed, K and Bernardeau, F},
  journal={\prd},
  volume={64},
  number={8},
  pages={083501},
  year={2001},
  publisher={APS}
}

@article{R-P1999,
  title={Cosmological tracking solutions},
  author={Steinhardt, Paul J and Wang, Limin and Zlatev, Ivaylo},
  journal={\prd},
  volume={59},
  number={12},
  pages={123504},
  year={1999},
  publisher={APS}
}

@ARTICLE{R-P1988PhR,
   author = {{Ratra}, B. and {Peebles}, P.~J.~E.},
    title = "{Cosmological consequences of a rolling homogeneous scalar field}",
  journal = {\prd},
 keywords = {Origin and formation of the Universe, Lagrangian and Hamiltonian approach},
     year = 1988,
    month = jun,
   volume = 37,
    pages = {3406-3427},
      doi = {10.1103/PhysRevD.37.3406},
   adsurl = {http://adsabs.harvard.edu/abs/1988PhRvD..37.3406R},
  adsnote = {Provided by the SAO/NASA Astrophysics Data System}
}


@ARTICLE{R-P1988ApJ,
   author = {{Peebles}, P.~J.~E. and {Ratra}, B.},
    title = "{Cosmology with a time-variable cosmological 'constant'}",
  journal = {\apjl},
 keywords = {Astronomical Models, Cosmology, Dark Matter, Hubble Constant, Asymptotes, Curvature, Einstein Equations, Perturbation Theory, Quantum Theory},
     year = 1988,
    month = feb,
   volume = 325,
    pages = {L17-L20},
      doi = {10.1086/185100},
   adsurl = {http://adsabs.harvard.edu/abs/1988ApJ...325L..17P},
  adsnote = {Provided by the SAO/NASA Astrophysics Data System}
}

@ARTICLE{Cai2015,
   author = {{Cai}, Y.-C. and {Padilla}, N. and {Li}, B.},
    title = "{Testing gravity using cosmic voids}",
  journal = {MNRAS},
archivePrefix = "arXiv",
   eprint = {1410.1510},
 keywords = {gravitational lensing: weak, methods: statistical, large-scale structure of Universe},
     year = 2015,
    month = jul,
   volume = 451,
    pages = {1036-1055},
      doi = {10.1093/mnras/stv777},
   adsurl = {http://adsabs.harvard.edu/abs/2015MNRAS.451.1036C},
  adsnote = {Provided by the SAO/NASA Astrophysics Data System}
}


@ARTICLE{Jennings2013,
   author = {{Jennings}, E. and {Li}, Y. and {Hu}, W.},
    title = "{The abundance of voids and the excursion set formalism}",
  journal = {MNRAS},
archivePrefix = "arXiv",
   eprint = {1304.6087},
 keywords = {Cosmology: theory, large-scale structure of Universe},
     year = 2013,
    month = sep,
   volume = 434,
    pages = {2167-2181},
      doi = {10.1093/mnras/stt1169},
   adsurl = {http://adsabs.harvard.edu/abs/2013MNRAS.434.2167J},
  adsnote = {Provided by the SAO/NASA Astrophysics Data System}
}


@ARTICLE{Betancort2009,
   author = {{Betancort-Rijo}, J. and {Patiri}, S.~G. and {Prada}, F. and 
	{Romano}, A.~E.},
    title = "{The statistics of voids as a tool to constrain cosmological parameters: {$\sigma$}$_{8}$ and {$\Gamma$}}",
  journal = {MNRAS},
archivePrefix = "arXiv",
   eprint = {0901.1609},
 keywords = {methods: analytical , galaxies: statistics , cosmological parameters , cosmology: theory , dark matter , large-scale structure of Universe},
     year = 2009,
    month = dec,
   volume = 400,
    pages = {1835-1849},
      doi = {10.1111/j.1365-2966.2009.15567.x},
   adsurl = {http://adsabs.harvard.edu/abs/2009MNRAS.400.1835B},
  adsnote = {Provided by the SAO/NASA Astrophysics Data System}
}


@ARTICLE{Zhao2016,
   author = {{Zhao}, C. and {Tao}, C. and {Liang}, Y. and {Kitaura}, F.-S. and 
	{Chuang}, C.-H.},
    title = "{DIVE in the cosmic web: voids with Delaunay triangulation from discrete matter tracer distributions}",
  journal = {\mnras},
archivePrefix = "arXiv",
   eprint = {1511.04299},
 keywords = {methods: data analysis, catalogues, galaxies: structure, large-scale structure of Universe},
     year = 2016,
    month = jul,
   volume = 459,
    pages = {2670-2680},
      doi = {10.1093/mnras/stw660},
   adsurl = {http://adsabs.harvard.edu/abs/2016MNRAS.459.2670Z},
  adsnote = {Provided by the SAO/NASA Astrophysics Data System}
}

@ARTICLE{Liang2015,
   author = {{Liang}, Y. and {Zhao}, C. and {Chuang}, C.-H. and {Kitaura}, F.-S. and 
	{Tao}, C.},
    title = "{Measuring Baryon Acoustic Oscillations from the clustering of voids}",
  journal = {ArXiv e-prints},
archivePrefix = "arXiv",
   eprint = {1511.04391},
 keywords = {Astrophysics - Cosmology and Nongalactic Astrophysics},
     year = 2015,
    month = nov,
   adsurl = {http://adsabs.harvard.edu/abs/2015arXiv151104391L},
  adsnote = {Provided by the SAO/NASA Astrophysics Data System}
}

@ARTICLE{Kitaura2015,
   author = {{Kitaura}, F.-S. and {Chuang}, C.-H. and {Liang}, Y. and {Zhao}, C. and 
	{Tao}, C. and {Rodriguez-Torres}, S. and {Eisenstein}, D.~J. and 
	{Gil-Marin}, H. and {Kneib}, J.-P. and {McBride}, C. and {Percival}, W. and 
	{Ross}, A.~J. and {Sanchez}, A.~G. and {Tinker}, J. and {Tojeiro}, R. and 
	{Vargas-Magana}, M. and {Zhao}, G.-B.},
    title = "{Signatures of the primordial Universe from its emptiness}",
  journal = {ArXiv e-prints},
archivePrefix = "arXiv",
   eprint = {1511.04405},
 keywords = {Astrophysics - Cosmology and Nongalactic Astrophysics},
     year = 2015,
    month = nov,
   adsurl = {http://adsabs.harvard.edu/abs/2015arXiv151104405K},
  adsnote = {Provided by the SAO/NASA Astrophysics Data System}
}

@ARTICLE{Einasto1997,
   author = {{Einasto}, M. and {Tago}, E. and {Jaaniste}, J. and {Einasto}, J. and 
	{Andernach}, H.},
    title = "{The supercluster-void network I. The supercluster catalogue and large-scale distribution}",
  journal = {\aaps},
   eprint = {astro-ph/9610088},
 keywords = {COSMOLOGY: OBSERVATIONS, LARGE-SCALE STRUCTURE OF THE UNIVERSE, CLUSTERS OF GALAXIES, CATALOGS},
     year = 1997,
    month = may,
   volume = 123,
      doi = {10.1051/aas:1997340},
   adsurl = {http://adsabs.harvard.edu/abs/1997A%26AS..123..119E},
  adsnote = {Provided by the SAO/NASA Astrophysics Data System}
}


@ARTICLE{Dubinski1993,
   author = {{Dubinski}, J. and {da Costa}, L.~N. and {Goldwirth}, D.~S. and 
	{Lecar}, M. and {Piran}, T.},
    title = "{Void evolution and the large-scale structure}",
  journal = {\apj},
 keywords = {Cosmology, Evolution (Development), Universe, Computational Astrophysics, Perturbation Theory},
     year = 1993,
    month = jun,
   volume = 410,
    pages = {458-468},
      doi = {10.1086/172762},
   adsurl = {http://adsabs.harvard.edu/abs/1993ApJ...410..458D},
  adsnote = {Provided by the SAO/NASA Astrophysics Data System}
}


@ARTICLE{El-Ad1997,
   author = {{El-Ad}, H. and {Piran}, T.},
    title = "{Voids in the Large-Scale Structure}",
  journal = {\apj},
   eprint = {astro-ph/9702135},
 keywords = {Cosmology: Observations, Galaxies: Clusters: General, Cosmology: Large-Scale Structure of Universe, Methods: Data Analysis},
     year = 1997,
    month = dec,
   volume = 491,
    pages = {421-435},
   adsurl = {http://adsabs.harvard.edu/abs/1997ApJ...491..421E},
  adsnote = {Provided by the SAO/NASA Astrophysics Data System}
}

@ARTICLE{Ceccarelli2013,
   author = {{Ceccarelli}, L. and {Paz}, D. and {Lares}, M. and {Padilla}, N. and 
	{Lambas}, D.~G.},
    title = "{Clues on void evolution - I. Large-scale galaxy distributions around voids}",
  journal = {MNRAS},
archivePrefix = "arXiv",
   eprint = {1306.5798},
 keywords = {methods: data analysis, methods: observational, methods: statistical, large-scale structure of Universe},
     year = 2013,
    month = sep,
   volume = 434,
    pages = {1435-1442},
      doi = {10.1093/mnras/stt1097},
   adsurl = {http://adsabs.harvard.edu/abs/2013MNRAS.434.1435C},
  adsnote = {Provided by the SAO/NASA Astrophysics Data System}
}
%%
@ARTICLE{Clampitt2013,
   author = {{Clampitt}, J. and {Cai}, Y.-C. and {Li}, B.},
    title = "{Voids in modified gravity: excursion set predictions}",
  journal = {MNRAS},
archivePrefix = "arXiv",
   eprint = {1212.2216},
 primaryClass = "astro-ph.CO",
 keywords = {gravitation, methods: analytical, large-scale structure of Universe},
     year = 2013,
    month = may,
   volume = 431,
    pages = {749-766},
      doi = {10.1093/mnras/stt219},
   adsurl = {http://adsabs.harvard.edu/abs/2013MNRAS.431..749C},
  adsnote = {Provided by the SAO/NASA Astrophysics Data System}
}

@ARTICLE{Li2012,
   author = {{Li}, B. and {Zhao}, G.-B. and {Koyama}, K.},
    title = "{Haloes and voids in f(R) gravity}",
  journal = {MNRAS},
archivePrefix = "arXiv",
   eprint = {1111.2602},
 primaryClass = "astro-ph.CO",
 keywords = {methods: analytical, methods: numerical, cosmology: theory, dark energy, large-scale structure of Universe},
     year = 2012,
    month = apr,
   volume = 421,
    pages = {3481-3487},
      doi = {10.1111/j.1365-2966.2012.20573.x},
   adsurl = {http://adsabs.harvard.edu/abs/2012MNRAS.421.3481L},
  adsnote = {Provided by the SAO/NASA Astrophysics Data System}
}


@ARTICLE{Garcia2008,
   author = {{Garcia-Bellido}, J. and {Haugb{\o}lle}, T.},
    title = "{Confronting Lemaitre Tolman Bondi models with observational cosmology}",
  journal = {\jcap},
archivePrefix = "arXiv",
   eprint = {0802.1523},
     year = 2008,
    month = apr,
   volume = 4,
      eid = {003},
    pages = {003},
      doi = {10.1088/1475-7516/2008/04/003},
   adsurl = {http://adsabs.harvard.edu/abs/2008JCAP...04..003G},
  adsnote = {Provided by the SAO/NASA Astrophysics Data System}
}


@ARTICLE{Enqvist2008,
   author = {{Enqvist}, K.},
    title = "{Lemaitre Tolman Bondi model and accelerating expansion}",
  journal = {General Relativity and Gravitation},
archivePrefix = "arXiv",
   eprint = {0709.2044},
 keywords = {Dark energy, Supernovae, Cosmology, Gravitation},
     year = 2008,
    month = feb,
   volume = 40,
    pages = {451-466},
      doi = {10.1007/s10714-007-0553-9},
   adsurl = {http://adsabs.harvard.edu/abs/2008GReGr..40..451E},
  adsnote = {Provided by the SAO/NASA Astrophysics Data System}
}

@ARTICLE{Yoo2012,
   author = {{Yoo}, J. and {Watanabe}, Y.},
    title = "{Theoretical Models of Dark Energy}",
  journal = {International Journal of Modern Physics D},
archivePrefix = "arXiv",
   eprint = {1212.4726},
 primaryClass = "astro-ph.CO",
 keywords = {Cosmology, cosmological constant, dark energy, modified gravity, cosmological models, Cosmology, Particle-theory and field-theory models of the early Universe},
     year = 2012,
    month = dec,
   volume = 21,
      eid = {1230002},
    pages = {1230002},
      doi = {10.1142/S0218271812300029},
   adsurl = {http://adsabs.harvard.edu/abs/2012IJMPD..2130002Y},
  adsnote = {Provided by the SAO/NASA Astrophysics Data System}
}


%%

@ARTICLE{Alonso2010,
   author = {{Alonso}, D. and {Garc{\'{\i}}a-Bellido}, J. and {Haugb{\o}lle}, T. and 
	{Vicente}, J.},
    title = "{Large scale structure simulations of inhomogeneous Lema{\^i}tre-Tolman-Bondi void models}",
  journal = {\prd},
archivePrefix = "arXiv",
   eprint = {1010.3453},
 keywords = {Particle-theory and field-theory models of the early Universe},
     year = 2010,
    month = dec,
   volume = 82,
   number = 12,
      eid = {123530},
    pages = {123530},
      doi = {10.1103/PhysRevD.82.123530},
   adsurl = {http://adsabs.harvard.edu/abs/2010PhRvD..82l3530A},
  adsnote = {Provided by the SAO/NASA Astrophysics Data System}
}

@ARTICLE{Bos2012,
   author = {{Bos}, E.~G.~P. and {van de Weygaert}, R. and {Dolag}, K. and 
	{Pettorino}, V.},
    title = "{The darkness that shaped the void: dark energy and cosmic voids}",
  journal = {MNRAS},
archivePrefix = "arXiv",
   eprint = {1205.4238},
 primaryClass = "astro-ph.CO",
 keywords = {methods: data analysis, methods: numerical, cosmology: theory, dark energy, large-scale structure of Universe },
     year = 2012,
    month = oct,
   volume = 426,
    pages = {440-461},
      doi = {10.1111/j.1365-2966.2012.21478.x},
   adsurl = {http://adsabs.harvard.edu/abs/2012MNRAS.426..440B},
  adsnote = {Provided by the SAO/NASA Astrophysics Data System}
}


@ARTICLE{Sousbie2011,
   author = {{Sousbie}, T.},
    title = "{The persistent cosmic web and its filamentary structure - I. Theory and implementation}",
  journal = {MNRAS},
archivePrefix = "arXiv",
   eprint = {1009.4015},
 keywords = {methods: data analysis, methods: numerical, galaxies: formation, galaxies: kinematics and dynamics, cosmology: observations, large-scale structure of Universe},
     year = 2011,
    month = jun,
   volume = 414,
    pages = {350-383},
      doi = {10.1111/j.1365-2966.2011.18394.x},
   adsurl = {http://adsabs.harvard.edu/abs/2011MNRAS.414..350S},
  adsnote = {Provided by the SAO/NASA Astrophysics Data System}
}

@ARTICLE{Hahn2007,
   author = {{Hahn}, O. and {Porciani}, C. and {Carollo}, C.~M. and {Dekel}, A.
	},
    title = "{Properties of dark matter haloes in clusters, filaments, sheets and voids}",
  journal = {MNRAS},
   eprint = {astro-ph/0610280},
 keywords = {methods: N-body simulations , galaxies: haloes , cosmology: theory , dark matter , large-scale structure of Universe},
     year = 2007,
    month = feb,
   volume = 375,
    pages = {489-499},
      doi = {10.1111/j.1365-2966.2006.11318.x},
   adsurl = {http://adsabs.harvard.edu/abs/2007MNRAS.375..489H},
  adsnote = {Provided by the SAO/NASA Astrophysics Data System}
}


@ARTICLE{Hamaus2014,
   author = {{Hamaus}, N. and {Sutter}, P.~M. and {Wandelt}, B.~D.},
    title = "{Universal Density Profile for Cosmic Voids}",
  journal = {Physical Review Letters},
archivePrefix = "arXiv",
   eprint = {1403.5499},
 keywords = {Observational cosmology, Superclusters, large-scale structure of the Universe},
     year = 2014,
    month = jun,
   volume = 112,
   number = 25,
      eid = {251302},
    pages = {251302},
      doi = {10.1103/PhysRevLett.112.251302},
   adsurl = {http://adsabs.harvard.edu/abs/2014PhRvL.112y1302H},
  adsnote = {Provided by the SAO/NASA Astrophysics Data System}
}

@INPROCEEDINGS{Rasera2010,
   author = {{Rasera}, Y. and {Alimi}, J.-M. and {Courtin}, J. and {Roy}, F. and 
	{Corasaniti}, P.-S. and {F{\"u}zfa}, A. and {Boucher}, V.},
    title = "{Introducing the Dark Energy Universe Simulation Series (DEUSS)}",
 keywords = {dark matter, cosmic background radiation, Universe, astronomical observatories, Dark energy, Background radiations, Observational cosmology, Observatories and site testing},
booktitle = {American Institute of Physics Conference Series},
     year = 2010,
   series = {American Institute of Physics Conference Series},
   volume = 1241,
archivePrefix = "arXiv",
   eprint = {1002.4950},
   editor = {{Alimi}, J.-M. and {Fu{\"o}zfa}, A.},
    month = jun,
    pages = {1134-1139},
      doi = {10.1063/1.3462610},
   adsurl = {http://adsabs.harvard.edu/abs/2010AIPC.1241.1134R},
  adsnote = {Provided by the SAO/NASA Astrophysics Data System}
}


@ARTICLE{Avsajanishvili2015,
   author = {{Avsajanishvili}, O. and {Samushia}, L. and {Arkhipova}, N.~A. and 
	{Kahniashvili}, T.},
    title = "{Testing Dark Energy Models through Large Scale Structure}",
  journal = {ArXiv e-prints},
archivePrefix = "arXiv",
   eprint = {1511.09317},
 keywords = {Astrophysics - Cosmology and Nongalactic Astrophysics},
     year = 2015,
    month = nov,
   adsurl = {http://adsabs.harvard.edu/abs/2015arXiv151109317A},
  adsnote = {Provided by the SAO/NASA Astrophysics Data System}
}

@ARTICLE{Giostri2012,
   author = {{Giostri}, R. and {Vargas dos Santos}, M. and {Waga}, I. and 
	{Reis}, R.~R.~R. and {Calv{\~a}o}, M.~O. and {Lago}, B.~L.},
    title = "{From cosmic deceleration to acceleration: new constraints from SN Ia and BAO/CMB}",
  journal = {\jcap},
archivePrefix = "arXiv",
   eprint = {1203.3213},
     year = 2012,
    month = mar,
   volume = 3,
      eid = {027},
    pages = {027},
      doi = {10.1088/1475-7516/2012/03/027},
   adsurl = {http://adsabs.harvard.edu/abs/2012JCAP...03..027G},
  adsnote = {Provided by the SAO/NASA Astrophysics Data System}
}

@ARTICLE{Gupta2012,
   author = {{Gupta}, G. and {Sen}, S. and {Sen}, A.~A.},
    title = "{GCG parametrization for growth function and current constraints}",
  journal = {\jcap},
archivePrefix = "arXiv",
   eprint = {1110.0956},
     year = 2012,
    month = apr,
   volume = 4,
      eid = {028},
    pages = {028},
      doi = {10.1088/1475-7516/2012/04/028},
   adsurl = {http://adsabs.harvard.edu/abs/2012JCAP...04..028G},
  adsnote = {Provided by the SAO/NASA Astrophysics Data System}
}


%%
@ARTICLE{Subramanian2015,
   author = {{Subramanian}, K.},
    title = "{The origin, evolution and signatures of primordial magnetic fields}",
  journal = {ArXiv e-prints},
archivePrefix = "arXiv",
   eprint = {1504.02311},
 keywords = {Astrophysics - Cosmology and Nongalactic Astrophysics, General Relativity and Quantum Cosmology},
     year = 2015,
    month = apr,
   adsurl = {http://adsabs.harvard.edu/abs/2015arXiv150402311S},
  adsnote = {Provided by the SAO/NASA Astrophysics Data System}
}

%%
